<?xml version="1.0" encoding="UTF-8"?><collection xmlns="http://www.loc.gov/MARC21/slim"><record><leader>00271nam--2200109-i-4500</leader><controlfield tag="001">000048158</controlfield><controlfield tag="002">20161230</controlfield><controlfield tag="005">20161230201046</controlfield><controlfield tag="008">060222s1000------------r-----000-0-eng-d</controlfield><datafield ind1=" " ind2=" " tag="245"><subfield code="a">Vi international symposium on nuclear electronics</subfield></datafield><datafield ind1=" " ind2=" " tag="260"><subfield code="a">Dubna, 1972, 372p</subfield></datafield><datafield ind1=" " ind2=" " tag="852"><subfield code="a">78946</subfield></datafield></record></collection>